@ARTICLE{ET,
author = {E. Th√©bault et al},
title = {International Geomagnetic Reference Field: the 12th generation},
journal = {Earth, Planets and Space},
year = {2015}
}

@ARTICLE{DW,
author = {D. Winch et al},
title = {Geomagnetism and Schmidt quasi-normalization},
journal = {Geophysical Journal International},
year = {2005}
}

@MANUAL{AH,
author = {A. Hazel},
title = {Chapter 1 Describing the Physical World: Vectors \& Tensors},
format = {lecture notes},
unit = {Continuum Mechanics MATH 45061},
university = {University of Manchester}
}

@MANUAL{Edemar,
author = {C. A. Rigo},
title = {Task scheduling for optimal power management and quality-of-service assurance in CubeSats},
journal = {Acta Astronautica},
year = {2021}
}
